% Clight
@article{blazy2009mechanized,
  title={Mechanized semantics for the {C}light subset of the {C} language},
  author={Blazy, Sandrine and Leroy, Xavier},
  journal={Journal of Automated Reasoning},
  volume={43},
  number={3},
  pages={263--288},
  year={2009},
  publisher={Springer}
}

@article{leroy2009coinductive,
  title={Coinductive big-step operational semantics},
  author={Leroy, Xavier and Grall, Herv{\'e}},
  journal={Information and Computation},
  volume={207},
  number={2},
  pages={284--304},
  year={2009},
  publisher={Elsevier}
}

% CompCert memory model concrete
@inproceedings{besson2015concrete,
  title={{A} concrete memory model for {C}omp{C}ert},
  author={Besson, Fr{\'e}d{\'e}ric and Blazy, Sandrine and Wilke, Pierre},
  booktitle={Interactive Theorem Proving: 6th International Conference, ITP 2015, Nanjing, China, August 24-27, 2015, Proceedings 6},
  pages={67--83},
  year={2015},
  organization={Springer}
}

@article{kang2015formal,
  title={A formal {C} memory model supporting integer-pointer casts},
  author={Kang, Jeehoon and Hur, Chung-Kil and Mansky, William and Garbuzov, Dmitri and Zdancewic, Steve and Vafeiadis, Viktor},
  journal={ACM SIGPLAN Notices},
  volume={50},
  number={6},
  pages={326--335},
  year={2015},
  publisher={ACM New York, NY, USA}
}

% CompCert memory model
@phdthesis{leroy2012compcert,
  title={The {C}omp{C}ert memory model, version 2},
  author={Leroy, Xavier and Appel, Andrew W and Blazy, Sandrine and Stewart, Gordon},
  year={2012},
  school={Inria}
}

% CompCert parser validation
@inproceedings{jourdan2012validating,
  title={Validating {LR} (1) parsers},
  author={Jourdan, Jacques-Henri and Pottier, Fran{\c{c}}ois and Leroy, Xavier},
  booktitle={European Symposium on Programming},
  pages={397--416},
  year={2012},
  organization={Springer}
}

@inproceedings{leroy2006formal,
  title={Formal certification of a compiler back-end or: programming a compiler with a proof assistant},
  author={Leroy, Xavier},
  booktitle={Conference record of the 33rd ACM SIGPLAN-SIGACT Symposium on Principles of Programming Languages},
  pages={42--54},
  year={2006}
}

@article{leroy2009formal,
  title={Formal verification of a realistic compiler},
  author={Leroy, Xavier},
  journal={Communications of the ACM},
  volume={52},
  number={7},
  pages={107--115},
  year={2009},
  publisher={ACM New York, NY, USA}
}

@inproceedings{campbell2012executable,
  title={An executable semantics for {C}omp{C}ert {C}},
  author={Campbell, Brian},
  booktitle={International Conference on Certified Programs and Proofs},
  pages={60--75},
  year={2012},
  organization={Springer}
}

@article{sewellc,
  title={{C} provenance semantics: detailed semantics (for {PNVI}-plain, {PNVI} address-exposed, {PNVI} address-exposed user-disambiguation, and {PVI} models)},
  author={Sewell, Peter and Memarian, Kayvan and Gomes, Victor BF}
}

% Stacked borrows
@article{jung2019stacked,
  title={Stacked borrows: an aliasing model for {R}ust},
  author={Jung, Ralf and Dang, Hoang-Hai and Kang, Jeehoon and Dreyer, Derek},
  journal={Proceedings of the ACM on Programming Languages},
  volume={4},
  number={POPL},
  pages={1--32},
  year={2019},
  publisher={ACM New York, NY, USA}
}

% Simuliris
@article{gaher2022simuliris,
  title={Simuliris: a separation logic framework for verifying concurrent program optimizations},
  author={G{\"a}her, Lennard and Sammler, Michael and Spies, Simon and Jung, Ralf and Dang, Hoang-Hai and Krebbers, Robbert and Kang, Jeehoon and Dreyer, Derek},
  journal={Proceedings of the ACM on Programming Languages},
  volume={6},
  number={POPL},
  pages={1--31},
  year={2022},
  publisher={ACM New York, NY, USA}
}

% Stacked borrows separation logic
@misc{louwrink2021separation,
  title={{A} {S}eparation {L}ogic for {S}tacked {B}orrows},
  author={Louwrink, Dani{\"e}l},
  year={2021},
  howpublished={\url{https://eprints.illc.uva.nl/id/document/11131}}
}

@misc{villani2023treeborrows,
  title={Tree {B}orrows},
  author={Villani, Neven},
  year={2023},
  howpublished={\url{https://github.com/Vanille-N/tree-borrows/blob/master/half/main.pdf}}
}

@misc{fasselt2014keywords,
  title={restrict, static \& inline {K}eywords in {C}},
  author={Fasselt, Markus},
  year={2014},
  howpublished={\url{https://hps.vi4io.org/_media/teaching/wintersemester_2013_2014/epc-1314-fasselt-c-keywords-report.pdf}}
}

% The only (formal) operational semantics including C99 restrict
% to the best of my knowledge
@inproceedings{hathhorn2015defining,
  title={Defining the undefinedness of {C}},
  author={Hathhorn, Chris and Ellison, Chucky and Ro{\c{s}}u, Grigore},
  booktitle={Proceedings of the 36th ACM SIGPLAN Conference on Programming Language Design and Implementation},
  pages={336--345},
  year={2015}
}

% The C-in-K-semantics that are extended by "Defining the undefinedness of C"
@article{ellison2012executable,
  title={An executable formal semantics of {C} with applications},
  author={Ellison, Chucky and Ro{\c{s}}u, Grigore},
  journal={ACM SIGPLAN Notices},
  volume={47},
  number={1},
  pages={533--544},
  year={2012},
  publisher={ACM New York, NY, USA}
}

@article{roșu2010overview,
  title={An overview of the {K} semantic framework},
  author={Roșu, Grigore and Șerb{\u{a}}nut{\u{a}}, Traian Florin},
  journal={The Journal of Logic and Algebraic Programming},
  volume={79},
  number={6},
  pages={397--434},
  year={2010},
  publisher={Elsevier}
}

@article{mcintosh2013towards,
  title={Towards restrict-like semantics for {C+}},
  author={McIntosh, Ian and Gao, Yaoqing and Cambly, Christophe and Bowler, Chris and Tong, Hubert and Lord, Chris and Perry, Sean and Mak, Raymond and Silvera, Raul and Michael Wong, IBM},
  year={2013}
}

@article{vogelaar2017,
  title={Defining the {U}ndefined in {C}},
  author={Vogelaar, Matthias},
  year={2017}
}

@article{stefuanescu2016semantics,
  title={Semantics-based program verifiers for all languages},
  author={Stef{\u{a}}nescu, Andrei and Park, Daejun and Yuwen, Shijiao and Li, Yilong and Ro{\c{s}}u, Grigore},
  journal={ACM SIGPLAN Notices},
  volume={51},
  number={10},
  pages={74--91},
  year={2016},
  publisher={ACM New York, NY, USA}
}

@Book{ISO:2018:III,
  author =       "{ISO}",
  title =        "{ISO\slash IEC 9899:2018 Information technology ---
                 Programming languages --- {C}}",
  publisher =    pub-ISO,
  address =      pub-ISO:adr,
  edition =      "Fourth",
  pages =        "520",
  month =        jun,
  year =         "2018",
  ISBN =         "????",
  ISBN-13 =      "????",
  LCCN =         "????",
  bibdate =      "Fri May 22 19:13:54 2020",
  bibsource =    "https://www.math.utah.edu/pub/tex/bib/isostd.bib",
  URL =          "https://www.iso.org/standard/68564.html",
  acknowledgement = ack-nhfb,
  remark =       "Revises ISO/IEC 9899:2011.",
}

@misc{defect260,
  title = {\textit{Defect report \#236.} {Tech.} {rep.}},
  author = {ISO\slash IEC JTC I, SC22, WG14},
  howpublished = {\url{https://www.open-std.org/jtc1/sc22/wg14/www/docs/dr_260.htm}},
  year = {2004},
}

% Pointer provenance
@article{memarian2019exploring,
  title={{E}xploring {C} {S}emantics and {P}ointer {P}rovenance},
  author={Memarian, Kayvan and Gomes, Victor BF and Davis, Brooks and Kell, Stephen and Richardson, Alexander and Watson, Robert NM and Sewell, Peter},
  journal={Proceedings of the ACM on Programming Languages},
  volume={3},
  number={POPL},
  pages={1--32},
  year={2019},
  publisher={ACM New York, NY, USA}
}

% A Verified CompCert Front-End for a Memory Model Supporting Pointer Arithmetic and Uninitialised Data
@article{besson2019verified,
  title={A verified {C}omp{C}ert front-end for a memory model supporting pointer arithmetic and uninitialised data},
  author={Besson, Fr{\'e}d{\'e}ric and Blazy, Sandrine and Wilke, Pierre},
  journal={Journal of Automated Reasoning},
  volume={62},
  number={4},
  pages={433--480},
  year={2019},
  publisher={Springer}
}

@article{leroy2008formal,
  title={Formal verification of a {C}-like memory model and its uses for verifying program transformations},
  author={Leroy, Xavier and Blazy, Sandrine},
  journal={Journal of Automated Reasoning},
  volume={41},
  pages={1--31},
  year={2008},
  publisher={Springer}
}

@techreport{norrish1998c,
  title={{C} formalised in {HOL}},
  author={Norrish, Michael},
  year={1998},
  institution={University of Cambridge, Computer Laboratory}
}

@inproceedings{huisman2000java,
  title={Java program verification via a {H}oare logic with abrupt termination},
  author={Huisman, Marieke and Jacobs, Bart},
  booktitle={International Conference on Fundamental Approaches to Software Engineering},
  pages={284--303},
  year={2000},
  organization={Springer}
}

@phdthesis{krebbers2015c,
  title={The {C} standard formalized in {C}oq},
  author={Krebbers, Robbert Jan},
  year={2015},
  school={[Sl]:[Sn]}
}

@inproceedings{krebbers2015typed,
  title={A typed {C}11 semantics for interactive theorem proving},
  author={Krebbers, Robbert and Wiedijk, Freek},
  booktitle={Proceedings of the 2015 Conference on Certified Programs and Proofs},
  pages={15--27},
  year={2015}
}

@inproceedings{krebbers2013aliasing,
  title={{A}liasing restrictions of {C}11 formalized in {C}oq},
  author={Krebbers, Robbert},
  booktitle={International conference on certified programs and proofs},
  pages={50--65},
  year={2013},
  organization={Springer}
}

@inproceedings{leroy2016compcert,
  title={{C}omp{C}ert-a formally verified optimizing compiler},
  author={Leroy, Xavier and Blazy, Sandrine and K{\"a}stner, Daniel and Schommer, Bernhard and Pister, Markus and Ferdinand, Christian},
  booktitle={ERTS 2016: Embedded Real Time Software and Systems, 8th European Congress},
  year={2016}
}

@inproceedings{guth2016rv,
  title={{R}v-match: {P}ractical semantics-based program analysis},
  author={Guth, Dwight and Hathhorn, Chris and Saxena, Manasvi and Ro{\c{s}}u, Grigore},
  booktitle={Computer Aided Verification: 28th International Conference, CAV 2016, Toronto, ON, Canada, July 17-23, 2016, Proceedings, Part I 28},
  pages={447--453},
  year={2016},
  organization={Springer}
}

@inproceedings{shiraishi2015test,
  title={Test suites for benchmarks of static analysis tools},
  author={Shiraishi, Shinichi and Mohan, Veena and Marimuthu, Hemalatha},
  booktitle={2015 IEEE International Symposium on Software Reliability Engineering Workshops (ISSREW)},
  pages={12--15},
  year={2015},
  organization={IEEE}
}

@techreport{memarian2023cerberus,
  title={The {C}erberus {C} semantics},
  author={Memarian, Kayvan},
  year={2023},
  institution={University of Cambridge, Computer Laboratory}
}

@article{ramalingam1994undecidability,
  title={The undecidability of aliasing},
  author={Ramalingam, Ganesan},
  journal={ACM Transactions on Programming Languages and Systems (TOPLAS)},
  volume={16},
  number={5},
  pages={1467--1471},
  year={1994},
  publisher={ACM New York, NY, USA}
}

@misc{tiobe2024,
  title = {{TIOBE Index}},
  author = {{TIOBE Software}},
  howpublished = {\url{https://www.tiobe.com/tiobe-index/}},
  year = {2024}
}

@misc{ieee2023,
  title = {The {T}op {P}rogramming {L}anguages 2023},
  author = {{IEEE Spectrum}},
  howpublished = {\url{https://spectrum.ieee.org/the-top-programming-languages-2023}},
  year = {2023}
}

@misc{googlesanitizers,
  title = {Sanitizers},
  author = {Google},
  howpublished = {\url{https://github.com/google/sanitizers}}  
}

@misc{rfcdobbelaere2019,
  series = {Request for {C}omments},
  number = 135672,
  howpublished = {\url{https://lists.llvm.org/pipermail/llvm-dev/2019-October/135672.html}},
  publisher = {LLVM-dev Pipermail},
  url = {https://lists.llvm.org/pipermail/llvm-dev/2019-March/131127.html},
  title = {Full 'restrict' support in {LLVM}},
  author = {Dobbelaere, Jeroen},
  year = 2019,
  month = {March},
  day = 19
}

@misc{gccbugzillabiener2011,
  title = {[meta-bug] Restrict qualification aliasing issues},
  author = {Biener, Richard},
  howpublished = {\url{https://gcc.gnu.org/bugzilla/show_bug.cgi?id=49774}},
}

@misc{defectmacdonald2022,
  title = {{D}efect {W}ith {W}ording {O}f restrict {Specification}},
  author = {MacDonald, Tom and Tong, Hubert and Uecker, Martin},
  howpublished = {\url{https://www.open-std.org/jtc1/sc22/wg14/www/docs/n3025.htm}},
  year = {2022},
  month = {July},
  day = {17}
}

@misc{defectr2macdonald2024,
  title = {{R}evision 2 {O}f {D}efect {W}ith {W}ording {O}f restrict {Specification}},
  author = {MacDonald, Tom and Homer, Bill},
  howpublished = {\url{https://www.open-std.org/jtc1/sc22/wg14/www/docs/n3225.htm}},
  year = {2024},
  month = {February},
  day = {5}
}

@misc{provmacdonald2022,
  title = {{P}rovenance-{S}tyle {S}pecification of restrict},
  author = {MacDonald, Tom and Homer, Bill},
  howpublished = {\url{https://www.open-std.org/jtc1/sc22/wg14/www/docs/n3058.htm}},
  year = {2022},
  month = {October},
  day = {25}  
}

@misc{semanticsgustedt2024,
  title = {{T}he semantics of the restrict qualifier},
  author = {Gustedt, Jens},
  howpublished = {\url{https://www.open-std.org/jtc1/sc22/wg14/www/docs/n3234.htm}},
  year = {2024},
  month = {March},
  day = {22}
}

@misc{provmemgustedt2022,
  title = {{A} {P}rovenance-aware {M}emory {O}bject {M}odel for {C}},
  author = {Gustedt, Jens and Sewell, Peter and Memarian Kayvan and Gomes, Victor B.F. and Uecker, Martin},
  howpublished = {\url{https://www.open-std.org/jtc1/sc22/wg14/www/docs/n3005.pdf}},
  year = {2022},
  month = {June},
  day = {15}
}

@misc{johnsonclarifying2018,
  title = {Clarifying the restrict {K}eyword v2},
  author = {Johnson, Troy A. and Homer, Bill},
  howpublished = {\url{https://www.open-std.org/jtc1/sc22/wg14/www/docs/n2260.pdf}},
  year = {2018},
  month = {May},
  day = {20}
}

@inproceedings{zhao2012formalizing,
  title={Formalizing the {LLVM} intermediate representation for verified program transformations},
  author={Zhao, Jianzhou and Nagarakatte, Santosh and Martin, Milo MK and Zdancewic, Steve},
  booktitle={Proceedings of the 39th annual ACM SIGPLAN-SIGACT symposium on Principles of programming languages},
  pages={427--440},
  year={2012}
}

@inproceedings{li2020k,
  title={{K-LLVM}: a relatively complete semantics of {LLVM} {IR}},
  author={Li, Liyi and Gunter, Elsa L},
  booktitle={34th European Conference on Object-Oriented Programming (ECOOP 2020)},
  year={2020},
  organization={Schloss-Dagstuhl-Leibniz Zentrum f{\"u}r Informatik}
}

@inproceedings{wang2012undefined,
  title={Undefined behavior: what happened to my code?},
  author={Wang, Xi and Chen, Haogang and Cheung, Alvin and Jia, Zhihao and Zeldovich, Nickolai and Kaashoek, M Frans},
  booktitle={Proceedings of the Asia-Pacific Workshop on Systems},
  pages={1--7},
  year={2012}
}

@inproceedings{rocsu2012towards,
  title={Towards a unified theory of operational and axiomatic semantics},
  author={Ro{\c{s}}u, Grigore and {\c{S}}tef{\u{a}}nescu, Andrei},
  booktitle={International Colloquium on Automata, Languages, and Programming},
  pages={351--363},
  year={2012},
  organization={Springer}
}

@misc{klappe_2024_11031862,
  author       = {Klappe, Ties and
                  Krebbers, Robbert},
  title        = {{Crestrict: an operational semantics for the C99 
                   restrict type qualifier}},
  month        = apr,
  year         = 2024,
  publisher    = {Zenodo},
  doi          = {10.5281/zenodo.11031862},
  howpublished = {\url{https://doi.org/10.5281/zenodo.11031862}}
}